<?xml version="1.0" encoding="UTF-8"?><collection xmlns="http://www.loc.gov/MARC21/slim"><record><leader>00682nam--2200205-i-4500</leader><controlfield tag="001">000015502</controlfield><controlfield tag="002">20161230</controlfield><controlfield tag="005">20161230201031</controlfield><controlfield tag="008">060222s1000------------r-----000-0-eng-d</controlfield><datafield ind1=" " ind2=" " tag="020"><subfield code="a">0854981748</subfield></datafield><datafield ind1=" " ind2=" " tag="040"><subfield code="a">IFIN-HH</subfield></datafield><datafield ind1=" " ind2=" " tag="080"><subfield code="a">539(061.3)</subfield></datafield><datafield ind1="1" ind2=" " tag="100"><subfield code="a">Durell, J.L./S.A.</subfield></datafield><datafield ind1="1" ind2="0" tag="245"><subfield code="a">Proceedings of the international nuclear physics conference, harrogate u.k. 25-30 august 1986</subfield><subfield code="b">Volume 2 invited papers</subfield><subfield code="c">J.l. durell, j.m. irvine, g.c. morrison (eds.)</subfield></datafield><datafield ind1=" " ind2=" " tag="260"><subfield code="a">Bristol</subfield><subfield code="b">Institute Of Physics</subfield><subfield code="c">1987</subfield></datafield><datafield ind1=" " ind2=" " tag="300"><subfield code="a">606P</subfield></datafield><datafield ind1=" " ind2=" " tag="490"><subfield code="a">Institute Of Physics Conference</subfield><subfield code="v">Series Number 86</subfield></datafield><datafield ind1="1" ind2=" " tag="700"><subfield code="a">Morrison, G.C</subfield><subfield code="e">Ed</subfield></datafield><datafield ind1=" " ind2=" " tag="852"><subfield code="a">74818</subfield><subfield code="c">539</subfield></datafield><datafield ind1=" " ind2=" " tag="CAT"><subfield code="a">Sys</subfield><subfield code="c">20111013</subfield><subfield code="h">150432</subfield></datafield></record></collection>